@book{Burns2016,
  title     = {Deeper Learning With QR Codes and Augmented Reality: A Scannable Solution for Your Classroom},
  author    = {Monica Burns},
  year      = {2016},
  publisher = {Corwin}
}

@misc{ARCore,
  author       = {Google},
  title        = {ARCore developer documentation},
  howpublished = {\url{https://developers.google.com/ar/develop}},
  note         = {Last accessed 18 June 2023}
}

@misc{ARCoreDevices,
  author       = {Google},
  title        = {Android ARCore supported devices},
  howpublished = {\url{https://developers.google.com/ar/devices#google_play}},
  note         = {Last accessed 18 June 2023}
}
@misc{AR+,
  author       = {Niantic Inc.},
  title        = {Catching Pokémon in AR+ mode},
  howpublished = {\url{https://niantic.helpshift.com/hc/en/6-pokemon-go/faq 28-catching-pokemon-in-ar-mode/}},
  note         = {Last accessed 21 June 2023}
}

@misc{pokemon-go,
  author       = {Niantic, Inc.},
  howpublished = {\url{https://pokemongolive.com/?hl=en}},
  title        = {Pokémon GO},
  year         = {2016},
  note         = {Last accessed 21 June 2023}
}

@misc{Snapchat,
  author       = {Snap Inc.},
  title        = {Snapchat},
  howpublished = {\url{https://www.snapchat.com/}},
  year         = {2011},
  note         = {Last accessed 21 June 2023}
}

@misc{SnapAR,
  author       = {Snap Inc.},
  howpublished = {\url{https://ar.snap.com/}},
  title        = {Snap AR}
}

@misc{key,
  author       = {},
  howpublished = {},
  title        = {},
  year         = {}
}